<record><leader>00000cas a22000007a 4500</leader><controlfield tag="001">10049426</controlfield><controlfield tag="008">831024c19619999mtudr ne      0   a0eng d</controlfield><datafield ind1=" " ind2=" " tag="010"><subfield code="a">sn 83004588 </subfield></datafield><datafield ind1=" " ind2=" " tag="040"><subfield code="a">NSD</subfield><subfield code="b">eng</subfield><subfield code="c">NSD</subfield><subfield code="d">DLC</subfield><subfield code="d">MTL</subfield><subfield code="d">NSD</subfield><subfield code="d">CNK</subfield><subfield code="d">OCLCQ</subfield><subfield code="d">DLC</subfield><subfield code="d">OCLCF</subfield></datafield><datafield ind1=" " ind2=" " tag="012"><subfield code="j">0</subfield><subfield code="l">1</subfield><subfield code="m">1</subfield></datafield><datafield ind1="1" ind2=" " tag="022"><subfield code="a">0746-4495</subfield><subfield code="l">0746-4495</subfield><subfield code="2">1</subfield></datafield><datafield ind1="1" ind2=" " tag="029"><subfield code="a">AU@</subfield><subfield code="b">000025832727</subfield></datafield><datafield ind1="1" ind2=" " tag="029"><subfield code="a">NZ1</subfield><subfield code="b">16075358</subfield></datafield><datafield ind1=" " ind2=" " tag="032"><subfield code="a">354760</subfield><subfield code="b">USPS</subfield></datafield><datafield ind1=" " ind2=" " tag="037"><subfield code="b">Missoulian, Circulation Dept., P.O. Box 8029, Missoula, MT 59807</subfield></datafield><datafield ind1=" " ind2=" " tag="042"><subfield code="a">nsdp</subfield><subfield code="a">msc</subfield></datafield><datafield ind1="0" ind2=" " tag="130"><subfield code="a">Missoulian (Missoula, Mont. : Daily : 1961)</subfield></datafield><datafield ind1=" " ind2="0" tag="222"><subfield code="a">Missoulian</subfield><subfield code="b">(Missoula, Mont. 1961)</subfield></datafield><datafield ind1="1" ind2="4" tag="245"><subfield code="a">The Missoulian.</subfield></datafield><datafield ind1="1" ind2="0" tag="246"><subfield code="a">Missoulian-sentinel</subfield></datafield><datafield ind1="1" ind2="0" tag="246"><subfield code="a">Sunday Missoulian</subfield></datafield><datafield ind1=" " ind2=" " tag="260"><subfield code="a">Missoula, Mont. :</subfield><subfield code="b">Missoulian-Sentinel,</subfield><subfield code="c">1961-</subfield></datafield><datafield ind1=" " ind2=" " tag="300"><subfield code="a">v. :</subfield><subfield code="b">ill. ;</subfield><subfield code="c">58 cm.</subfield></datafield><datafield ind1=" " ind2=" " tag="310"><subfield code="a">Daily</subfield></datafield><datafield ind1="0" ind2=" " tag="362"><subfield code="a">89th year, no. 114 (Sept. 13, 1961)-</subfield></datafield><datafield ind1=" " ind2=" " tag="500"><subfield code="a">Saturday edition, Sept. 16, 1961-Apr. 29, 1967, published in combined issue with Missoula sentinel, called: Missoulian-sentinel.</subfield></datafield><datafield ind1=" " ind2=" " tag="500"><subfield code="a">Sunday edition, Apr. 30, 1967-Nov. 8, 1981, called: Sunday Missoulian.</subfield></datafield><datafield ind1=" " ind2=" " tag="500"><subfield code="a">Publisher varies: Missoulian, &lt;June 18, 1986-&gt;</subfield></datafield><datafield ind1=" " ind2=" " tag="515"><subfield code="a">Vol. numbering began in 1961; issues for &lt;1986-&gt; called &lt;v. 21-&gt;</subfield></datafield><datafield ind1=" " ind2=" " tag="525"><subfield code="a">Has occasional supplements.</subfield></datafield><datafield ind1=" " ind2=" " tag="530"><subfield code="a">Also available on microfilm from Micro Photo Div., Bell &amp; Howell.</subfield></datafield><datafield ind1=" " ind2="0" tag="651"><subfield code="a">Missoula (Mont.)</subfield><subfield code="v">Newspapers.</subfield></datafield><datafield ind1=" " ind2="7" tag="655"><subfield code="a">Newspapers.</subfield><subfield code="2">fast</subfield><subfield code="0">(OCoLC)fst01423814</subfield></datafield><datafield ind1=" " ind2="7" tag="651"><subfield code="a">Montana</subfield><subfield code="z">Missoula.</subfield><subfield code="2">fast</subfield><subfield code="0">(OCoLC)fst01210237</subfield></datafield><datafield ind1=" " ind2=" " tag="752"><subfield code="a">United States</subfield><subfield code="b">Montana</subfield><subfield code="c">Missoula</subfield><subfield code="d">Missoula.</subfield></datafield><datafield ind1="0" ind2="0" tag="780"><subfield code="t">Daily Missoulian (Missoula, Mont. : 1904)</subfield><subfield code="x">2329-5457</subfield><subfield code="w">(DLC)sn 83025316</subfield><subfield code="w">(OCoLC)9385382</subfield></datafield><datafield ind1=" " ind2=" " tag="936"><subfield code="a">Vol. 21, no. 963 (Wednesday, June 18, 1986) (surrogate) LIC</subfield></datafield></record>